
@misc{lab_statement,
	author = {Jo√£o P. Oliveira},
	title = {Lab1 A TEMPERATURE METER System with 3 Sensors, Relay and GUI},
	institution = {Department of Electrical and Computer Engineering, Nova School of Science and Technology, NOVA University of Lisbon},
	year = {2024}
}

@misc{DS18B20_datasheet,
	author = {Maxim Integrated},
	title = {DS18B20 Programmable Resolution 1-Wire Digital Thermometer},
	howpublished = {\url{https://datasheets.maximintegrated.com/en/ds/DS18B20.pdf}},
	year = {2019}
}

@misc{ESP-IDF-Programming-Guide,
	author = {Espressif Systems},
	title = {ESP-IDF Programming Guide},
	howpublished = {\url{https://docs.espressif.com/projects/esp-idf/en/latest/esp32/index.html}},
	year = {2024}
}

@misc{LM35_datasheet,
	author = {Texas Instruments},
	title = {LM35 Precision Centigrade Temperature Sensors},
	howpublished = {\url{https://www.ti.com/en/ds/DS18B20.pdf}},
	year = {2017}
}

@misc{NTC_datasheet,
	author = {TDK},
	title = {NTC thermistors for temperature measuremen},
	howpublished = {\url{https://product.tdk.com/system/files/dam/doc/product/sensor/ntc/ntc_element/data_sheet/50/db/ntc/ntc_mini_sensors_s861.pdf}},
	year = {2018}
}

@techreport{TI-Comparator-Hysteresis,
    author = {Art Kay and Timothy Claycomb},
    title = {Comparator with Hysteresis Reference Design},
    institution = {Texas Instruments},
    year = {2014},
    number = {TIDU020A},
    month = {June},
    type = {Technical Note},
    url = {https://www.ti.com/lit/ug/tidu020a/tidu020a.pdf},
    note = {Revised Edition}
}