@book{Fundamentals-of-Microelectronics,
	author = {Behzad Razavi},
	title = {Fundamentals of Microelectronics},
	year = {2013},
	publisher = {Wiley},
	address = {New York},
	edition = {2nd}
}

@misc{filtros-digitais-fino,
	author = {M. Helena Fino},
	title = {Ppt. Filtros Digitais},
	institution = {Department of Electrical and Computer Engineering, Nova School of Science and Technology, NOVA University of Lisbon},
	year = {2024}
}

@misc{Active-Low-Pass-Filter-Design,
	author = {Jim Karki},
	title = {Active Low-Pass Filter Design},
	publisher = {Texas Instruments},
	howpublished = {\url{https://www.ti.com/lit/an/sloa049d/sloa049d.pdf?ts=1731005087409}},
	year = {2023}
}

@misc{mcp-datasheet,
	author = {Microchip Technology},
	title = {MCP6001/2/4},
	howpublished = {\url{https://www.microchip.com/wwwproducts/en/MCP6001}},
	year = {2019}
}

@misc{ESP-IDF-Programming-Guide,
	author = {Espressif Systems},
	title = {ESP-IDF Programming Guide},
	howpublished = {\url{https://docs.espressif.com/projects/esp-idf/en/latest/esp32/index.html}},
	year = {2024}
}

@misc{ESP32-datasheet,
	author = {Espressif Systems},
	title = {ESP32 Series Datasheet},
	howpublished = {\url{https://www.espressif.com/sites/default/files/documentation/esp32_datasheet_en.pdf}},
	year = {2024}
}

26PC Series Low Pressure Sensors, Comp/Unamp, 0.5 psi to 250 psi Datasheet
@misc{26PC-Datasheet,
	author = {Honeywell},
	title = {26PC Series Low Pressure Sensors, Comp/Unamp, 0.5 psi to 250 psi Datasheet},
	howpublished = {\href{https://sensing.honeywell.com/honeywell-sensing-trustability-26pc-series-datasheet-32300550-a-en.pdf}{pdf-datasheet}},
	year = {2024}
}

@misc{TI-Design-Resistive-Bridge-Pressure-Sensor,
	author = {Texas Instruments},
	title = {Design tips for a resistive-bridge pressure sensor in industrial process-control systems},
	howpublished = {\href{https://www.ti.com/lit/an/slyt640/slyt640.pdf?ts=1731808563894&ref_url=https%253A%252F%252Fwww.ti.com%252Fsolution%252Finfusion-pump%253Fvariantid%253D34094%2526subsystemid%253D19445}{pdf-doc}},
	year = {2015}
}

@misc{TI-Design-Signal-Conditioning-Wheatstone-Resistive-Bridge-Sensors,
	author = {Texas Instruments},
	title = {Signal Conditioning Wheatstone Resistive Bridge Sensors},
	howpublished = {\href{https://www.ti.com/lit/an/sloa034/sloa034.pdf}{pdf-doc}},
	year = {1999}
}


@misc{ASCO-226-Datasheet,
	author = {ASCO},
	title = {ASCO Series 226 Proportional Inline Miniature Solenoid Valves Datasheet},
	howpublished = {\href{https://www.valin.com/sites/default/files/2023/asset/document/asco-series-226-proportional-inline-miniature-solenoid-valves-datasheet.pdf}{pdf-datasheet}},
	year = {2023}
}

https://www.dynamax.com/images/uploads/papers/WET150.pdf
@misc{WET150-Datasheet,
	author = {Dynamax},
	title = {WET150 Datasheet},
	howpublished = {\href{https://www.dynamax.com/images/uploads/papers/WET150.pdf}{pdf-datasheet}},
	year = {2024}
}