
@misc{lab_statement,
	author = {Jo√£o P. Oliveira},
	title = {Lab1 A TEMPERATURE METER System with 3 Sensors, Relay and GUI},
	institution = {Department of Electrical and Computer Engineering, Nova School of Science and Technology, NOVA University of Lisbon},
	year = {2024}
}

@misc{ST2-DC5V-F_datasheet,
	author = {Panasonic},
	title = {Power Relays ( Over 2 A ) ST RELAYS},
	howpublished = {\url{https://industry.panasonic.com/global/en/downloads/?file_cd=300462&tab=catalog&series_cd=1164}},
	year = {2023}
}

@misc{ESP-IDF-Programming-Guide,
	author = {Espressif Systems},
	title = {ESP-IDF Programming Guide},
	howpublished = {\url{https://docs.espressif.com/projects/esp-idf/en/latest/esp32/index.html}},
	year = {2024}
}

@misc{MCP6001_datasheet,
	author = {Microchip Technology},
	title = {MCP6001 1 MHz Low-Power Op-Amp},
	howpublished = {\url{https://ww1.microchip.com/downloads/en/DeviceDoc/MCP6001-1R-1U-2-4-1-MHz-Low-Power-Op-Amp-DS20001733L.pdf}},
	year = {2020}
}

@misc{NTC_datasheet,
	author = {TDK},
	title = {NTC thermistors for temperature measuremen},
	howpublished = {\url{https://product.tdk.com/system/files/dam/doc/product/sensor/ntc/ntc_element/data_sheet/50/db/ntc/ntc_mini_sensors_s861.pdf}},
	year = {2018}
}
@misc{2N2222_datasheet,
	author = {PHILIPS},
	title = {2N2222; 2N2222A NPN switching transistors},
	howpublished = {\url{https://www.alldatasheetpt.com/datasheet-pdf/download/15067/PHILIPS/2N2222.html}},
	year = {1997}
}


@techreport{TI-Comparator-Hysteresis,
    author = {Art Kay and Timothy Claycomb},
    title = {Comparator with Hysteresis Reference Design},
    institution = {Texas Instruments},
    year = {2014},
    number = {TIDU020A},
    month = {June},
    type = {Technical Note},
    url = {https://www.ti.com/lit/ug/tidu020a/tidu020a.pdf},
    note = {Revised Edition}
}