
@misc{lab_statement,
	author = {Jo√£o P. Oliveira},
	title = {Lab1 A TEMPERATURE METER System with 3 Sensors, Relay and GUI},
	institution = {Department of Electrical and Computer Engineering, Nova School of Science and Technology, NOVA University of Lisbon},
	year = {2024}
}

@misc{ST2-DC5V-F_datasheet,
	author = {Panasonic},
	title = {Power Relays ( Over 2 A ) ST RELAYS},
	howpublished = {\url{https://industry.panasonic.com/global/en/downloads/?file_cd=300462&tab=catalog&series_cd=1164}},
	year = {2023}
}

@misc{ESP-IDF-Programming-Guide,
	author = {Espressif Systems},
	title = {ESP-IDF Programming Guide},
	howpublished = {\url{https://docs.espressif.com/projects/esp-idf/en/latest/esp32/index.html}},
	year = {2024}
}

@misc{MCP6001_datasheet,
	author = {Microchip Technology},
	title = {MCP6001 1 MHz Low-Power Op-Amp},
	howpublished = {\url{https://ww1.microchip.com/downloads/en/DeviceDoc/MCP6001-1R-1U-2-4-1-MHz-Low-Power-Op-Amp-DS20001733L.pdf}},
	year = {2020}
}

@misc{NTC_datasheet,
	author = {TDK},
	title = {NTC thermistors for temperature measuremen},
	howpublished = {\url{https://product.tdk.com/system/files/dam/doc/product/sensor/ntc/ntc_element/data_sheet/50/db/ntc/ntc_mini_sensors_s861.pdf}},
	year = {2018}
}
@misc{2N2222_datasheet,
	author = {PHILIPS},
	title = {2N2222; 2N2222A NPN switching transistors},
	howpublished = {\url{https://www.alldatasheetpt.com/datasheet-pdf/download/15067/PHILIPS/2N2222.html}},
	year = {1997}
}


@techreport{TI-Comparator-Hysteresis,
    author = {Art Kay and Timothy Claycomb},
    title = {Comparator with Hysteresis Reference Design},
    institution = {Texas Instruments},
    year = {2014},
    number = {TIDU020A},
    month = {June},
    type = {Technical Note},
    url = {https://www.ti.com/lit/ug/tidu020a/tidu020a.pdf},
    note = {Revised Edition}
}
@misc{26PC-Datasheet,
	author = {Honeywell},
	title = {26PC Series Low Pressure Sensors, Comp/Unamp, 0.5 psi to 250 psi Datasheet},
	howpublished = {\href{https://prod-edam.honeywell.com/content/dam/honeywell-edam/sps/siot/en-us/products/sensors/pressure-sensors/board-mount-pressure-sensors/26pc-series/documents/sps-siot-26pc-series-miniature-low-pressure-sensors-datasheet-32307741-a-en-ciid-155865.pdf?download=false}{pdf-datasheet}},
	year = {2024}
}

@misc{TI-Design-Resistive-Bridge-Pressure-Sensor,
	author = {Texas Instruments},
	title = {Design tips for a resistive-bridge pressure sensor in industrial process-control systems},
	howpublished = {\href{https://www.ti.com/lit/an/slyt640/slyt640.pdf?ts=1731808563894&ref_url=https%253A%252F%252Fwww.ti.com%252Fsolution%252Finfusion-pump%253Fvariantid%253D34094%2526subsystemid%253D19445}{pdf-doc}},
	year = {2015}
}

@misc{TI-Design-Signal-Conditioning-Wheatstone-Resistive-Bridge-Sensors,
	author = {Texas Instruments},
	title = {Signal Conditioning Wheatstone Resistive Bridge Sensors},
	howpublished = {\href{https://www.ti.com/lit/an/sloa034/sloa034.pdf}{pdf-doc}},
	year = {1999}
}